<?xml version="1.0" encoding="UTF-8"?>
  <record xmlns="http://www.loc.gov/MARC21/slim" type="Authority">
    <leader>00000nz  a2200000nc 4500</leader>
    <controlfield tag="001">118831674</controlfield>
    <controlfield tag="003">DE-101</controlfield>
    <controlfield tag="005">20190619075942.0</controlfield>
    <controlfield tag="008">880701n||azznnaabn           | aaa    |c</controlfield>
    <datafield tag="024" ind1="7" ind2=" ">
      <subfield code="a">118831674</subfield>
      <subfield code="0">http://d-nb.info/gnd/118831674</subfield>
      <subfield code="2">gnd</subfield>
    </datafield>
    <datafield tag="024" ind1="7" ind2=" ">
      <subfield code="a">69726351</subfield>
      <subfield code="2">viaf</subfield>
    </datafield>
    <datafield tag="035" ind1=" " ind2=" ">
      <subfield code="a">(DE-101)118831674</subfield>
    </datafield>
    <datafield tag="035" ind1=" " ind2=" ">
      <subfield code="a">(DE-588)118831674</subfield>
    </datafield>
    <datafield tag="035" ind1=" " ind2=" ">
      <subfield code="z">(DE-588a)118831674</subfield>
      <subfield code="9">v:zg</subfield>
    </datafield>
    <datafield tag="035" ind1=" " ind2=" ">
      <subfield code="z">(DE-588c)4196268-0</subfield>
      <subfield code="9">v:zg</subfield>
    </datafield>
    <datafield tag="040" ind1=" " ind2=" ">
      <subfield code="a">DE-101</subfield>
      <subfield code="c">DE-101</subfield>
      <subfield code="9">r:DE-101</subfield>
      <subfield code="b">ger</subfield>
      <subfield code="d">0017</subfield>
    </datafield>
    <datafield tag="042" ind1=" " ind2=" ">
      <subfield code="a">gnd1</subfield>
    </datafield>
    <datafield tag="043" ind1=" " ind2=" ">
      <subfield code="c">XA-DE</subfield>
    </datafield>
    <datafield tag="065" ind1=" " ind2=" ">
      <subfield code="a">16.5p</subfield>
      <subfield code="2">sswd</subfield>
    </datafield>
    <datafield tag="075" ind1=" " ind2=" ">
      <subfield code="b">p</subfield>
      <subfield code="2">gndgen</subfield>
    </datafield>
    <datafield tag="075" ind1=" " ind2=" ">
      <subfield code="b">piz</subfield>
      <subfield code="2">gndspec</subfield>
    </datafield>
    <datafield tag="079" ind1=" " ind2=" ">
      <subfield code="a">g</subfield>
      <subfield code="q">s</subfield>
      <subfield code="q">a</subfield>
      <subfield code="q">f</subfield>
      <subfield code="u">w</subfield>
    </datafield>
    <datafield tag="100" ind1="0" ind2=" ">
      <subfield code="a">Luise Elisabeth</subfield>
      <subfield code="c">Hessen-Homburg, Landgräfin</subfield>
      <subfield code="d">1646-1690</subfield>
    </datafield>
    <datafield tag="375" ind1=" " ind2=" ">
      <subfield code="a">2</subfield>
      <subfield code="2">iso5218</subfield>
    </datafield>
    <datafield tag="400" ind1="0" ind2=" ">
      <subfield code="a">Louisa Elisabeth</subfield>
      <subfield code="c">Kurland, Prinzessin</subfield>
      <subfield code="d">1646-1690</subfield>
    </datafield>
    <datafield tag="400" ind1="0" ind2=" ">
      <subfield code="a">Louysa Elisabeth</subfield>
      <subfield code="c">Kurland und Sembgallen, Prinzessin</subfield>
      <subfield code="d">1646-1690</subfield>
    </datafield>
    <datafield tag="400" ind1="0" ind2=" ">
      <subfield code="a">Louisa Elisabeth</subfield>
      <subfield code="c">Hessen-Homburg, Landgräfin</subfield>
      <subfield code="d">1646-1690</subfield>
    </datafield>
    <datafield tag="400" ind1="0" ind2=" ">
      <subfield code="a">Louise Elisabeth</subfield>
      <subfield code="c">Hessen-Homburg, Landgräfin</subfield>
      <subfield code="d">1646-1690</subfield>
    </datafield>
    <datafield tag="500" ind1="0" ind2=" ">
      <subfield code="0">(DE-101)118775812</subfield>
      <subfield code="0">(DE-588)118775812</subfield>
      <subfield code="0">https://d-nb.info/gnd/118775812</subfield>
      <subfield code="a">Jakob</subfield>
      <subfield code="c">Kurland, Herzog</subfield>
      <subfield code="d">1610-1682</subfield>
      <subfield code="4">bezf</subfield>
      <subfield code="4">https://d-nb.info/standards/elementset/gnd#familialRelationship</subfield>
      <subfield code="w">r</subfield>
      <subfield code="i">Beziehung familiaer</subfield>
      <subfield code="e">Beziehung familiaer</subfield>
      <subfield code="9">v:Vater</subfield>
    </datafield>
    <datafield tag="500" ind1="0" ind2=" ">
      <subfield code="0">(DE-101)118535676</subfield>
      <subfield code="0">(DE-588)118535676</subfield>
      <subfield code="0">https://d-nb.info/gnd/118535676</subfield>
      <subfield code="a">Friedrich</subfield>
      <subfield code="b">II.</subfield>
      <subfield code="c">Hessen-Homburg, Landgraf</subfield>
      <subfield code="d">1633-1708</subfield>
      <subfield code="4">bezf</subfield>
      <subfield code="4">https://d-nb.info/standards/elementset/gnd#familialRelationship</subfield>
      <subfield code="w">r</subfield>
      <subfield code="i">Beziehung familiaer</subfield>
      <subfield code="e">Beziehung familiaer</subfield>
      <subfield code="9">v:Ehemann</subfield>
    </datafield>
    <datafield tag="500" ind1="0" ind2=" ">
      <subfield code="0">(DE-101)128877111</subfield>
      <subfield code="0">(DE-588)128877111</subfield>
      <subfield code="0">https://d-nb.info/gnd/128877111</subfield>
      <subfield code="a">Friedrich Jacob</subfield>
      <subfield code="c">Hessen-Homburg, Landgraf</subfield>
      <subfield code="d">1673-1746</subfield>
      <subfield code="4">bezf</subfield>
      <subfield code="4">https://d-nb.info/standards/elementset/gnd#familialRelationship</subfield>
      <subfield code="w">r</subfield>
      <subfield code="i">Beziehung familiaer</subfield>
      <subfield code="e">Beziehung familiaer</subfield>
      <subfield code="9">v:Sohn</subfield>
    </datafield>
    <datafield tag="500" ind1="0" ind2=" ">
      <subfield code="0">(DE-101)1052840728</subfield>
      <subfield code="0">(DE-588)1052840728</subfield>
      <subfield code="0">https://d-nb.info/gnd/1052840728</subfield>
      <subfield code="a">Casimir Wilhelm</subfield>
      <subfield code="c">Hessen-Homburg, Prinz</subfield>
      <subfield code="d">1690-1726</subfield>
      <subfield code="4">bezf</subfield>
      <subfield code="4">https://d-nb.info/standards/elementset/gnd#familialRelationship</subfield>
      <subfield code="w">r</subfield>
      <subfield code="i">Beziehung familiaer</subfield>
      <subfield code="e">Beziehung familiaer</subfield>
      <subfield code="9">v:Sohn</subfield>
    </datafield>
    <datafield tag="500" ind1="1" ind2=" ">
      <subfield code="0">(DE-101)117462314</subfield>
      <subfield code="0">(DE-588)117462314</subfield>
      <subfield code="0">https://d-nb.info/gnd/117462314</subfield>
      <subfield code="a">Solms-Lich, Christine Charlotte &#152;zu&#156;</subfield>
      <subfield code="d">1690-1751</subfield>
      <subfield code="4">bezf</subfield>
      <subfield code="4">https://d-nb.info/standards/elementset/gnd#familialRelationship</subfield>
      <subfield code="w">r</subfield>
      <subfield code="i">Beziehung familiaer</subfield>
      <subfield code="e">Beziehung familiaer</subfield>
      <subfield code="9">v:Schwiegertochter</subfield>
    </datafield>
    <datafield tag="548" ind1=" " ind2=" ">
      <subfield code="a">1646-1690</subfield>
      <subfield code="4">datl</subfield>
      <subfield code="4">https://d-nb.info/standards/elementset/gnd#dateOfBirthAndDeath</subfield>
      <subfield code="w">r</subfield>
      <subfield code="i">Lebensdaten</subfield>
    </datafield>
    <datafield tag="550" ind1=" " ind2=" ">
      <subfield code="0">(DE-101)040004643</subfield>
      <subfield code="0">(DE-588)4000464-8</subfield>
      <subfield code="0">https://d-nb.info/gnd/4000464-8</subfield>
      <subfield code="a">Adel</subfield>
      <subfield code="4">berc</subfield>
      <subfield code="4">https://d-nb.info/standards/elementset/gnd#professionOrOccupation</subfield>
      <subfield code="w">r</subfield>
      <subfield code="i">Charakteristischer Beruf</subfield>
    </datafield>
    <datafield tag="667" ind1=" " ind2=" ">
      <subfield code="a">32</subfield>
    </datafield>
    <datafield tag="670" ind1=" " ind2=" ">
      <subfield code="a">Europ. Stammtaf. I; Gen. H unter Hessen</subfield>
    </datafield>
    <datafield tag="672" ind1=" " ind2="0">
      <subfield code="a">Schoenborn, Ulrich: Mit Herz und Verstand: Biographie und Lebenswelt der Töchter Herzog Jakobs von Kurland in Hessen-Homburg, Herford und Hessen-Kassel : eine historische Studie. -2010</subfield>
    </datafield>
    <datafield tag="678" ind1=" " ind2=" ">
      <subfield code="b">Gemahlin des Landgrafen Friedrich II. von Hessen-Homburg</subfield>
    </datafield>
    <datafield tag="680" ind1=" " ind2=" ">
      <subfield code="a">SWD</subfield>
    </datafield>
    <datafield tag="913" ind1=" " ind2=" ">
      <subfield code="S">pnd</subfield>
      <subfield code="i">5</subfield>
      <subfield code="a">Luise Elisabeth &lt;Hessen-Homburg, Landgräfin&gt;</subfield>
      <subfield code="0">(DE-588a)118831674</subfield>
    </datafield>
  </record>
